<?xml version="1.0" encoding="UTF-8"?><collection xmlns="http://www.loc.gov/MARC21/slim"><record><leader>00514nam--2200169-i-4500</leader><controlfield tag="001">000005333</controlfield><controlfield tag="002">20161230</controlfield><controlfield tag="005">20170107135322</controlfield><controlfield tag="008">060222s1000------------r-----000-0-eng-d</controlfield><datafield ind1=" " ind2=" " tag="100"><subfield code="a">Bod, L</subfield></datafield><datafield ind1=" " ind2=" " tag="245"><subfield code="a">Measurement of thermal neutron diffusion parameters in water and in solid diphenyl with pulsed neutron source</subfield></datafield><datafield ind1=" " ind2=" " tag="260"><subfield code="a">Budapest</subfield><subfield code="c">1960</subfield></datafield><datafield ind1=" " ind2=" " tag="300"><subfield code="a">9 p</subfield></datafield><datafield ind1=" " ind2=" " tag="490"><subfield code="a">Central Research Inst. Of Ph. Of The Hungarian Academy Of Science</subfield></datafield><datafield ind1=" " ind2=" " tag="700"><subfield code="a">P©Łl, L</subfield></datafield><datafield ind1=" " ind2=" " tag="852"><subfield code="a">7299</subfield></datafield><datafield ind1=" " ind2=" " tag="CAT"><subfield code="a">SYS</subfield><subfield code="c">20170107</subfield><subfield code="h">135322</subfield></datafield></record></collection>